<record><leader>00000cas a22000007a 4500</leader><controlfield tag="001">31750810</controlfield><controlfield tag="008">941229d19431945aruer ne      0    0eng d</controlfield><datafield ind1=" " ind2=" " tag="010"><subfield code="a">sn 94052732 </subfield></datafield><datafield ind1=" " ind2=" " tag="040"><subfield code="a">CUY</subfield><subfield code="b">eng</subfield><subfield code="c">CNK</subfield><subfield code="d">ANN</subfield><subfield code="d">OCLCQ</subfield><subfield code="d">OCLCF</subfield><subfield code="d">OCLCO</subfield></datafield><datafield ind1="1" ind2=" " tag="029"><subfield code="a">AU@</subfield><subfield code="b">000011501166</subfield></datafield><datafield ind1=" " ind2=" " tag="042"><subfield code="a">msc</subfield></datafield><datafield ind1=" " ind2=" " tag="043"><subfield code="a">n-us-az</subfield></datafield><datafield ind1="0" ind2="4" tag="245"><subfield code="a">The Cowling.</subfield></datafield><datafield ind1="3" ind2="0" tag="246"><subfield code="a">M.A.A.F. cowling</subfield></datafield><datafield ind1=" " ind2=" " tag="260"><subfield code="a">Marana Army Air Field, Tucson, Ariz. :</subfield><subfield code="b">Marana Army Air Field,</subfield><subfield code="c">1943-1945.</subfield></datafield><datafield ind1=" " ind2=" " tag="300"><subfield code="a">v.</subfield></datafield><datafield ind1=" " ind2=" " tag="310"><subfield code="a">Biweekly,</subfield><subfield code="b">&lt;Feb. 18, 1944&gt;-Aug. 4, 1945</subfield></datafield><datafield ind1=" " ind2=" " tag="321"><subfield code="a">Weekly,</subfield><subfield code="b">July 16, 1943-&lt;Dec. 11,1943&gt;</subfield></datafield><datafield ind1="0" ind2=" " tag="362"><subfield code="a">Vol. 1, no. 2 (July 16, 1943)-v. 3, no. 16 (Aug. 4, 1945).</subfield></datafield><datafield ind1=" " ind2=" " tag="500"><subfield code="a">Published as: M.A.A.F. cowling, &lt;Nov. 13-20, 1943&gt;, and: MAAF cowling, &lt;Dec. 11, 1943-Feb. 18, 1944&gt;.</subfield></datafield><datafield ind1=" " ind2="0" tag="650"><subfield code="a">Military bases</subfield><subfield code="z">Arizona</subfield><subfield code="v">Newspapers.</subfield></datafield><datafield ind1=" " ind2="0" tag="651"><subfield code="a">Marana (Ariz.)</subfield><subfield code="v">Newspapers.</subfield></datafield><datafield ind1=" " ind2="7" tag="655"><subfield code="a">Newspapers.</subfield><subfield code="2">fast</subfield><subfield code="0">(OCoLC)fst01423814</subfield></datafield><datafield ind1=" " ind2="7" tag="650"><subfield code="a">Military bases.</subfield><subfield code="2">fast</subfield><subfield code="0">(OCoLC)fst01020986</subfield></datafield><datafield ind1=" " ind2="7" tag="651"><subfield code="a">Arizona.</subfield><subfield code="2">fast</subfield><subfield code="0">(OCoLC)fst01204820</subfield></datafield><datafield ind1=" " ind2="7" tag="651"><subfield code="a">Arizona</subfield><subfield code="z">Marana.</subfield><subfield code="2">fast</subfield><subfield code="0">(OCoLC)fst01247422</subfield></datafield><datafield ind1=" " ind2=" " tag="752"><subfield code="a">United States</subfield><subfield code="b">Arizona</subfield><subfield code="c">Pima</subfield><subfield code="d">Marana Air Force Base.</subfield></datafield><datafield ind1="0" ind2="0" tag="780"><subfield code="t">Marana news</subfield><subfield code="w">(DLC)sn 95060756</subfield></datafield></record>